@book{mte241,
 author = {Douglas Wilhelm Harder and Jeff Zarnett and Vajih Montaghami and Allyson Giannikouris},
 title = {A Practical Introduction to Real-Time Systems for Undergraduate Engineering},
 year = {2015},
 howpublished = { \url {https://ece.uwaterloo.ca/~dwharder/icsrts/Lecture\_materials/A\_practical\_introduction\_to\_real-time\_systems\_for\_undergraduate\_engineering.pdf} },
 note = {Online; version 0.15.08.17}
}

@misc{ece354,
	author = {Paul Dasiewicz},
	title = {ECE 354: Real-Time Operating Systems},
	year = {2007},
	note = {University of Waterloo Course Notes Winter 2007}
}

@book{osc,
 author = {Abraham Silberschatz and Peter Baer Galvin and Greg Gagne},
 title = {Operating System Concepts (9th Edition)},
 year = {2013},
 isbn = {978-1118063330},
 publisher = {John Wiley \& Sons},
} 

@book{osi,
 author = {William Stallings},
 title = {Operating Systems Internals and Design Principles (8th Edition)},
 year = {2014},
 isbn = {978-0133805913},
 publisher = {Prentice Hall},
} 

@book{mos,
 author = {Andrew S. Tanenbaum},
 title = {Modern Operating Systems, 3rd Edition},
 year = {2008},
 isbn = {978-01360066332},
 publisher = {Prentice Hall}
}

@book{lbs,
 author = {Allen B. Downey},
 title = {The Little Book of Semaphores (2nd Edition)},
 year = {2008},
 publisher = {Green Tea Press}
}

@book{mmm,
 author = {Fredrick P. Brooks},
 title = {The Mythical Man-Month},
 year = 1975,
 publisher = {Addison-Wesley Professional}
}

@misc{xkcd:compiling,
 author = {Randall Monroe},
 title = {xkcd: Compiling},
 year = {2007},
 url = {http://xkcd.com/303/},
 note = {Online; accessed 17-February-2015}
}

@book{bach86,
 author = {M. Bach},
 title = {The Design of the UNIX Operating System},
 year = {1986},
 publisher = {Prentice Hall}
}

@misc{mthread,
	author = {{Dave Marshall}},
	title = {Threads: Basic Theory and Libraries},
	year = {1999},
	url = {http://www.cs.cf.ac.uk/Dave/C/node29.html},
	note = {Online; accessed 11-December-2013},
}

@InProceedings{machThreads,
  author = 		 {Avadis Tevanian and Richard F. Rashid and David B. Golub and David L. Black and Eric Cooper and Michael W. Young},
  title = 		 {Mach Threads and the {UNIX} Kernel: The Battle for Control},
  booktitle = {Proceedings, Summer 1987 USENIX Conference},
  year = 	 {1987}
}

@book{insideOS2,
 author = {Gordon Letwin},
 title = {Inside {OS/2}},
 year = {1988},
 publisher = {Microsoft Press},
 isbn = {978-1556151170}
}

@misc{pthreads,
 author = {Blaise Barney},
 title = {{POSIX Threads Programming}},
 year = {2014},
 url = {https://computing.llnl.gov/tutorials/pthreads/},
 note = {Online; accessed 1-March-2015}
}

@InProceedings{semaphores,
 author = {Edsger Dijkstra},
 title = {{The Structure of the 'THE' Multiprogramming System}},
 booktitle = {Communications of the ACM},
 year = {1968}
}

@book{rtsda,
 author = {Phillip A. Laplante and Seppo J. Ovaska},
  title = {{Real-Time Systems Design and Analysis: Tools for the Practitioner, 4th Edition}},
  publisher = {{IEEE Press}},
  year = {2012}
}

@InProceedings{locality,
 author = {D. Hatfield},
 title = {{Experiments on Page Size, Program Access Patterns, and Virtual Memory Performance}},
 year = {1972},
 publisher = {{IBM Journal of Research and Development}}
}

@InProceedings{vrr,
 author = {S. Haldar and D. Subramanian},
 title = {{Fairness in Processor Scheduling in Time Sharing Systems}},
 year = {1991},
 publisher = {Operating Systems Review}
}

@book{fink,
 author = {R. Finkel},
 title = {{An Operating Systems Vade Mecum}},
 year = {1988},
 publisher = {Prentice Hall}
}

@misc{ntfsacl,
	author = {Brian Dewey},
	title = {{Understanding ACLs in NTFS}},
	year = {2004},
	url = {http://blogs.msdn.com/b/brian_dewey/archive/2004/01/20/60902.aspx},
	note = {Online; accessed 13-December-2013}
}

@misc{spotlight,
    author = {John Siracusa},
    title = {{Mac OS X 10.4 Tiger}},
    year = {2005},
    url = {http://arstechnica.com/apple/2005/04/macosx-10-4/},
    note = {Online; accessed 24-May-2015}
}

@book{russ,
    author = {M. Russinovich and D. Solomon and A. Ionescu},
    title = {{Windows Internals: Covering Windows 7 and Windows Server 2008 R2}},
    year = {2011},
    publisher = {Microsoft Press}
}

@inproceedings{wastedcores,
  author    = {Jean{-}Pierre Lozi and
               Baptiste Lepers and
               Justin R. Funston and
               Fabien Gaud and
               Vivien Qu{\'{e}}ma and
               Alexandra Fedorova},
  title     = {The Linux scheduler: a decade of wasted cores},
  booktitle = {Proceedings of the Eleventh European Conference on Computer Systems,
               EuroSys 2016, London, United Kingdom, April 18-21, 2016},
  pages     = {1:1--1:16},
  year      = {2016},
  url       = {http://doi.acm.org/10.1145/2901318.2901326},
}

@misc{wastedcores2,
    author = {Adrian Coyler},
    title = {The Linux Scheduler: a Decade of Wasted Cores},
    year = {2016},
    url = {https://blog.acolyer.org/2016/04/26/the-linux-scheduler-a-decade-of-wasted-cores/},
    note = {Online; accessed 24-April-2017}
}

@book{artofc,
  author = {Clay Brashears},
  title = {The Art of Concurrency},
  year = {2009},
  publisher = {O'Reilly Media}
}

@misc{cfiles,
  author = {Peter Jay Salzman},
  title = {{Reading And Writing Files in C}},
  url = {http://www.dirac.org/linux/programming/tutorials/files_in_C/},
  note = {Online; accessed 4-June-2018}
}

@book{apunix,
 author = {W. Richard Stevens and Stephen A. Rago},
 title = {{Advanced Programming in the UNIX Environment, Third Edition}},
 year = {2013},
 publisher = {Addison-Wesley},
 isbn = {978-0-321-63773-4}
}

@misc{getaddrinfo,
  author = {Brian ``Beej Jorgensen'' Hall},
  title = {Beej's Guide to Network Programming: Using Internet Sockets, Version 3.0.21},
  url = {https://beej.us/guide/bgnet/html/single/bgnet.html},
  year = {2015},
  note = {Online: accessed 5-July-2018}
}

@misc{zfs,
  author = {{Oracle Corporation}},
  title = {{Oracle Solaris ZFS File System (Introduction)}},
  year = {2012},
  url = {https://docs.oracle.com/cd/E23824_01/html/821-1448/zfsover-1.html},
  note = {Online; accessed 19-September-2018}
}

@misc{valgrind:tools,
    author = {Valgind Developers},
    title = {Valgrind Tool Suite},
    year = {2015},
    url = {http://valgrind.org/info/tools.html},
    note = {Online; accessed 24-November-2015}
}

@misc{helgrind,
    author = {Valgrind Developers},
    title = {Helgrind: a thread error detector},
    year = {2015},
    url = {http://valgrind.org/docs/manual/hg-manual.html},
    note = {Online; accessed 25-November-2015}
}

@book{lpi,
	author = {Michael Kerrisk},
	title = {{The Linux Programming Interface}},
	year = {2010},
	isbn = {978-1-59327-220-3},
	publisher = {No Starch Press Inc}
}

@misc{curlmulti,
	author = {Clemens Gruber},
	title = {libcurl multi interface example},
	year = {2013},
	url = {https://gist.github.com/clemensg/4960504},
	note = {Online; accessed 30-October-2018}
}

@misc{pollvselect,
    author = {Daniel Stenberg},
    title = {poll vs select vs event-based},
    year = {2017},
    url = {https://daniel.haxx.se/docs/poll-vs-select.html},
    note = {Online; accessed 13-November-2018}
}

@misc{apfs,
	author = {Adam. H. Leventhal},
	title = {A ZFS developer's analysis of the good and bad in Apple's new APFS file system},
	year = {2016},
	url = {https://arstechnica.com/gadgets/2016/06/a-zfs-developers-analysis-of-the-good-and-bad-in-apples-new-apfs-file-system/},
	note = {Online; accessed 19-February-2019}
}

@misc{linuxaio,
	author = {Jonathan Corbet},
	title = {Fixing asynchronous I/O, again},
	year = {2016},
	url = {https://lwn.net/Articles/671649/},
	note = {Online; accessed 19-February-2019}
}

@misc{libevent,
	author = {Nick Mathewson},
	title = {Fast portable non-blocking network programming with Libevent},
	year = {2012},
	url = {http://www.wangafu.net/~nickm/libevent-book/},
	note = {Online; accessed 22-February-2019}
}

@misc{gccatomic,
	author = {Free Software Foundation, Inc.},
	title = {Built-in functions for atomic memory access},
	year = {2019},
	url = {https://gcc.gnu.org/onlinedocs/gcc-4.1.2/gcc/Atomic-Builtins.html},
	note = {Online; accessed 3-July-2019}
}
